<record><leader>00000cas a22000007a 4500</leader><controlfield tag="001">28705914</controlfield><controlfield tag="008">930827d188u18uucauwr ne      0    0eng d</controlfield><datafield ind1=" " ind2=" " tag="010"><subfield code="a">sn 93051102 </subfield></datafield><datafield ind1=" " ind2=" " tag="040"><subfield code="a">CUY</subfield><subfield code="b">eng</subfield><subfield code="c">CNK</subfield><subfield code="d">OCLCQ</subfield></datafield><datafield ind1=" " ind2=" " tag="042"><subfield code="a">msc</subfield></datafield><datafield ind1="0" ind2=" " tag="130"><subfield code="a">Orange weekly post (Orange, Calif. : 1889)</subfield></datafield><datafield ind1="1" ind2="0" tag="245"><subfield code="a">Orange weekly post.</subfield></datafield><datafield ind1=" " ind2=" " tag="260"><subfield code="a">Orange, Orange County, Calif. :</subfield><subfield code="b">L.B. Woodruff</subfield></datafield><datafield ind1=" " ind2=" " tag="300"><subfield code="a">v.</subfield></datafield><datafield ind1=" " ind2=" " tag="310"><subfield code="a">Weekly</subfield></datafield><datafield ind1=" " ind2=" " tag="588"><subfield code="a">Description based on: Vol. 1, no. 26 (Aug. 24, 1889).</subfield></datafield><datafield ind1=" " ind2="4" tag="651"><subfield code="a">Orange (Calif.)</subfield><subfield code="v">Newspapers.</subfield></datafield><datafield ind1=" " ind2=" " tag="752"><subfield code="a">United States</subfield><subfield code="b">California</subfield><subfield code="c">Orange</subfield><subfield code="d">Orange.</subfield></datafield><datafield ind1="1" ind2=" " tag="029"><subfield code="a">AU@</subfield><subfield code="b">000025893142</subfield></datafield></record>